@online{BindingNativeAndroid,
  title = {Binding to Native {{Android}} Code Using Dart:Ffi},
  shorttitle = {Binding to Native {{Android}} Code Using Dart},
  url = {https://docs.flutter.dev/development/platform-integration/android/c-interop},
  urldate = {2022-12-03},
  abstract = {To use C code in your Flutter program, use the dart:ffi library.},
  langid = {english}
}

@online{BindingNativeIOS,
  title = {Binding to Native {{iOS}} Code Using Dart:Ffi},
  shorttitle = {Binding to Native {{iOS}} Code Using Dart},
  url = {https://docs.flutter.dev/development/platform-integration/ios/c-interop},
  urldate = {2022-12-03},
  abstract = {To use C code in your Flutter program, use the dart:ffi library.},
  langid = {english}
}

@thesis{chenJiyushenduxuexidexindianfenximoxingdeshejiyuyouhua2021,
  type = {硕士},
  title = {基于深度学习的心电分析模型的设计与优化},
  author = {陈, 桂琛},
  date = {2021},
  institution = {{北京邮电大学}},
  abstract = {心律失常是心血管疾病的常见病症,与其相关的研究一直是医学界备受关注的课题,主要通过心电图对其进行筛查与诊断。通过计算机与相关算法对心电数据进行分析,利用其波形形态特征与节律信息获取患者的生理、病理状态,能够有效提高心血管疾病的筛查效率,辅助医疗工作者,节省医疗成本,亦能够弥补因医生经验差异或知识水平差异而造成的漏诊或误诊的现象。目前,在心电数据分析上的传统算法会运用到知识推理或结构模式识别的方式,但因其所能表达的模式无法描述多样而复杂的心电图波形,在应用上存在局限性。本文针对基于心电图的心律失常自动诊断问题,研究了心电数据以及深度学习相关文献,基于深度学习技术与数据均衡策略提出了一系列的数据预...},
  langid = {chinese},
  keywords = {arrhythmia classification,convolutional neural network,data imbalance,model visualization,卷积神经网络,心律失常分类,数据不均衡,模型可视化}
}

@thesis{chenYidongxindianxinxijianhuxitongjixindianjiancesuanfadeyanjiu2018,
  type = {硕士},
  title = {移动心电信息监护系统及心电监测算法的研究},
  author = {陈, 耿铎},
  date = {2018},
  institution = {{南方医科大学}},
  abstract = {近年来,随着社会经济的快速发展,人们的生活水平也在不断提高。但是生活水平不断提高的同时,也带来了日益严重的心血管疾病。于此同时,越来越多人开始慢慢对自己的健康有着更负责的意识。而心血管疾病中的心律失常是所有疾病基本病症,同时也是大部分有致死性的心脏疾病的根源。因此对于心律失常疾病的快速、准确、有效检出,对预防相应心血管疾病有着重要意义。系统采用便携式的监护终端采集生理信息并通过蓝牙传输至智能手机,智能手机再通过网络将数据传输至服务器端,用于医护人员统一的信息化管理、自动诊断分析和实时监护。本文旨在搭建一个能够有效接收移动设备发送过来的心电数据的服务器和实现一个执行效率高、特征提取有效、疾病诊断...},
  langid = {chinese},
  keywords = {C\#programming,C\#编程,ECG waveform detection,Mobile medical,Remote ECG monitoring,Self-diagnosis of arrhythmia,心律失常自诊,心电波形检测,移动医疗,远程心电监护}
}

@online{FlutterMobile,
  title = {Flutter on {{Mobile}}},
  url = {//flutter.dev/multi-platform/mobile/},
  urldate = {2022-12-01},
  abstract = {Bring your app idea to life to more users from day one by building with Flutter on iOS and Android simultaneously, without sacrificing features, quality, or performance.},
  langid = {english}
}

@online{FrontendPyTorchMaster,
  title = {The {{C}}++ {{Frontend}} — {{PyTorch}} Master Documentation},
  url = {https://pytorch.org/cppdocs/frontend.html},
  urldate = {2022-12-06},
  langid = {english},
  file = {C\:\\Users\\ccxxxi\\Zotero\\storage\\K9AA4PIF\\frontend.html}
}

@inproceedings{gradlRealtimeECGMonitoring2012,
  title = {Real-Time {{ECG}} Monitoring and Arrhythmia Detection Using {{Android-based}} Mobile Devices},
  booktitle = {2012 {{Annual International Conference}} of the {{IEEE Engineering}} in {{Medicine}} and {{Biology Society}}},
  author = {Gradl, Stefan and Kugler, Patrick and Lohmüller, Clemens and Eskofier, Bjoern},
  date = {2012-08},
  pages = {2452--2455},
  issn = {1558-4615},
  abstract = {We developed an application for Android™-based mobile devices that allows real-time electrocardiogram (ECG) monitoring and automated arrhythmia detection by analyzing ECG parameters. ECG data provided by pre-recorded files or acquired live by accessing a Shimmer™ sensor node via Bluetooth™ can be processed and evaluated. The application is based on the Pan-Tompkins algorithm for QRS-detection and contains further algorithm blocks to detect abnormal heartbeats. The algorithm was validated using the MIT-BIH Arrhythmia and MIT-BIH Supraventricular Arrhythmia databases. More than 99\% of all QRS complexes were detected correctly by the algorithm. Overall sensitivity for abnormal beat detection was 89.5\% with a specificity of 80.6\%. The application is available for download and may be used for real-time ECG-monitoring on mobile devices.},
  eventtitle = {2012 {{Annual International Conference}} of the {{IEEE Engineering}} in {{Medicine}} and {{Biology Society}}},
  langid = {english},
  keywords = {Databases,Electrocardiography,Feature extraction,Mobile handsets,Monitoring,Real-time systems,Signal processing algorithms},
  file = {C\:\\Users\\ccxxxi\\Zotero\\storage\\93LZYYEW\\6346460.html}
}

@article{heJiyuyidongpingtaidexindianjianceyiliaoxitongdeshixian2017,
  title = {基于移动平台的心电监测医疗系统的实现},
  author = {贺, 其 and 张, 鹏 and 赵, 安华 and 赵, 凯},
  date = {2017},
  journaltitle = {山东师范大学学报(自然科学版)},
  volume = {32},
  number = {01},
  pages = {49--53},
  issn = {1001-4748},
  url = {https://kns.cnki.net/kcms/detail/detail.aspx?dbcode=CJFD&dbname=CJFDLAST2017&filename=SDZK201701009&uniplatform=NZKPT&v=_Ff55QWuexZwI7yxFvcsmT5z3mSAez3W3-2AxlIytwOqblTi-wsWVWiI4COyjbvg},
  abstract = {随着移动终端设备的发展,尤其是智能手机的广泛应用,移动医疗得到迅速发展.本文中设计实现了基于移动平台的心电监测医疗系统.系统架构由数据采集端,心电监测端,健康数据管理平台,移动终端四部分组成.数据采集端采用了TMS320C5515处理器,数据采集端采集心电数据,利用蓝牙和WIFI等通信技术,数据被传送至健康数据管理平台,医生诊断完毕后可以将诊断结果及时的发送到平台,患者利用移动终端可查看诊断信息.设计此系统的目的是为心血管病患者提供实时的可靠的医疗服务,减少病人的各项花费,同时提高医生的工作效率.},
  langid = {chinese},
  keywords = {⛔ No DOI found,bluetooth,cardiovascular disease,mobile health-care,TMS320C5515DSP,TMS320C5515处理器,心血管病,移动医疗,蓝牙技术},
  file = {C\:\\Users\\ccxxxi\\Zotero\\storage\\P7BDN8SG\\贺 et al_2017_基于移动平台的心电监测医疗系统的实现.pdf}
}

@inproceedings{jinPredictingCardiovascularDisease2009,
  title = {Predicting Cardiovascular Disease from Real-Time Electrocardiographic Monitoring: {{An}} Adaptive Machine Learning Approach on a Cell Phone},
  shorttitle = {Predicting Cardiovascular Disease from Real-Time Electrocardiographic Monitoring},
  booktitle = {2009 {{Annual International Conference}} of the {{IEEE Engineering}} in {{Medicine}} and {{Biology Society}}},
  author = {Jin, Zhanpeng and Sun, Yuwen and Cheng, Allen C.},
  date = {2009-09},
  pages = {6889--6892},
  issn = {1558-4615},
  doi = {10.1109/IEMBS.2009.5333610},
  abstract = {To date, cardiovascular disease (CVD) is the leading cause of global death. The Electrocardiogram (ECG) is the most widely adopted clinical tool that measures the electrical activities of the heart from the body surface. However, heart rhythm irregularities cannot always be detected on a standard resting ECG machine, since they may not occur during an individual's recording session. Common Holter-based portable solutions that record ECG for up to 24 to 48 hours lack the capability to provide real-time feedback. In this research, we seek to establish a cell phone-based real-time monitoring technology for CVD, capable of performing continuous on-line ECG processing, generating a personalized cardiac health summary report in layman's language, automatically detecting and classifying abnormal CVD conditions, all in real time. Specifically, we developed an adaptive artificial neural network (ANN)-based machine learning technique, combining both an individual's cardiac characteristics and information from clinical ECG databases, to train the cell phone to learn to adapt to its user's physiological conditions to achieve better ECG feature extraction and more accurate CVD classification on cell phones.},
  eventtitle = {2009 {{Annual International Conference}} of the {{IEEE Engineering}} in {{Medicine}} and {{Biology Society}}},
  langid = {english},
  keywords = {Cardiovascular diseases,Cellular phones,Computerized monitoring,Condition monitoring,Electric variables measurement,Electrocardiography,Heart,Machine learning,Neurofeedback,Rhythm},
  file = {C\:\\Users\\ccxxxi\\Zotero\\storage\\S6TD985U\\Jin et al_2009_Predicting cardiovascular disease from real-time electrocardiographic monitoring.pdf;C\:\\Users\\ccxxxi\\Zotero\\storage\\ZHTUGN4K\\5333610.html}
}

@thesis{liuJiyuyidongzhongduanfenxidekechuandairouxingxindianjiancexitong2021,
  type = {硕士},
  title = {基于移动终端分析的可穿戴柔性心电监测系统},
  author = {刘, 荟},
  date = {2021},
  institution = {{东南大学}},
  abstract = {随着生活节奏的加快,人们的健康日益受到威胁,尤其在心血管健康领域更为突出。目前,心电图是医生进行心血管疾病检测和治疗的重要依据和参考。然而,对于预防心血管疾病具有重要意义的连续的、常规的心电监测,总是因设备不可穿戴而难以实现。同时,心电图分析既要耗费医生大量的时间,又有可能因数据之多而导致医生错过关键信息或产生误判。因此,需要一种新型的心电测量和分析设备。本文设计了一种基于移动终端分析的可穿戴柔性心电监测系统。在硬件方面,首先根据心电信号的幅频特性选择了模拟芯片AD8233并完成了外围电路设计,用于信号的放大、滤波和共模抑制,以实现稳定且高质量的心电信号测量。其次,根据系统无线通信的需求选择了...},
  langid = {chinese},
  keywords = {Android,ECG monitoring system,flexible-interconnection circuit,MobileNet,TFLite,安卓系统,心电监测系统,柔性互联电路}
}

@inproceedings{singhSmartECGMonitoring2022,
  title = {Smart {{ECG Monitoring}} and {{Analysis System Using Machine Learning}}},
  booktitle = {2022 {{IEEE VLSI Device Circuit}} and {{System}} ({{VLSI DCS}})},
  author = {Singh, Sarab Nidhaan and Bhushan, Megha},
  date = {2022-02},
  pages = {304--309},
  doi = {10.1109/VLSIDCS53788.2022.9811433},
  abstract = {In critical situations, a patient quarantines himself from others which makes it difficult for a doctor to monitor the acute health symptoms of a patient. This work aims to create a Smart Electrocardiogram monitoring and analysis system. It works intelligently using machine learning for the detection of heart disease. It enables doctors to monitor the patient remotely from a developed Django Web application. The patient will be able to record and transfer the Electrocardiogram (ECG) data to the doctor or any family members remotely which can detect heart disease. Also, it will help the people living in remote areas, lacking a proper infrastructure but can be monitored at low cost by a doctor easily. Therefore, in case of emergency situations patients can be saved by real time monitoring.},
  eventtitle = {2022 {{IEEE VLSI Device Circuit}} and {{System}} ({{VLSI DCS}})},
  langid = {english},
  keywords = {Costs,Django,ECG,Electrocardiography,Heart,Heart disease,Infectious diseases,IoT,Machine learning,Medical services,Sensor,Very large scale integration},
  file = {C\:\\Users\\ccxxxi\\Zotero\\storage\\N7UKC4VE\\Singh_Bhushan_2022_Smart ECG Monitoring and Analysis System Using Machine Learning.pdf}
}

@article{wangEnablingSmartPersonalized2014,
  title = {Enabling {{Smart Personalized Healthcare}}: {{A Hybrid Mobile-Cloud Approach}} for {{ECG Telemonitoring}}},
  shorttitle = {Enabling {{Smart Personalized Healthcare}}},
  author = {Wang, Xiaoliang and Gui, Qiong and Liu, Bingwei and Jin, Zhanpeng and Chen, Yu},
  date = {2014-05},
  journaltitle = {IEEE Journal of Biomedical and Health Informatics},
  volume = {18},
  number = {3},
  pages = {739--745},
  issn = {2168-2208},
  doi = {10.1109/JBHI.2013.2286157},
  abstract = {The severe challenges of the skyrocketing healthcare expenditure and the fast aging population highlight the needs for innovative solutions supporting more accurate, affordable, flexible, and personalized medical diagnosis and treatment. Recent advances of mobile technologies have made mobile devices a promising tool to manage patients' own health status through services like telemedicine. However, the inherent limitations of mobile devices make them less effective in computation- or data-intensive tasks such as medical monitoring. In this study, we propose a new hybrid mobile-cloud computational solution to enable more effective personalized medical monitoring. To demonstrate the efficacy and efficiency of the proposed approach, we present a case study of mobile-cloud based electrocardiograph monitoring and analysis and develop a mobile-cloud prototype. The experimental results show that the proposed approach can significantly enhance the conventional mobile-based medical monitoring in terms of diagnostic accuracy, execution efficiency, and energy efficiency, and holds the potential in addressing future large-scale data analysis in personalized healthcare.},
  eventtitle = {{{IEEE Journal}} of {{Biomedical}} and {{Health Informatics}}},
  langid = {english},
  keywords = {Artificial neural networks,Biomedical monitoring,Electrocardiograph (ECG),Electrocardiography,medical monitoring,Medical services,mobile cloud,Mobile handsets,Monitoring,telemedicine,Training},
  file = {C\:\\Users\\ccxxxi\\Zotero\\storage\\FK7G57C2\\Wang et al_2014_Enabling Smart Personalized Healthcare.pdf;C\:\\Users\\ccxxxi\\Zotero\\storage\\PMHU27K7\\6636028.html}
}

@article{wangJiyushenduxuexideyidongyuanchengxindianjiancexitongshejiyushixian2020,
  title = {基于深度学习的移动远程心电监测系统设计与实现},
  author = {汪, 祖民 and 左, 长青 and 秦, 静 and 季, 长清},
  date = {2020},
  journaltitle = {大连大学学报},
  volume = {41},
  number = {06},
  pages = {84-88+98},
  issn = {1008-2395},
  url = {https://kns.cnki.net/kcms/detail/detail.aspx?dbcode=CJFD&dbname=CJFDLAST2021&filename=DALI202006015&uniplatform=NZKPT&v=E1qdptyxMRnkw-GrdCkHicqgwmVHLCZ6Q42Tz-ktVt1e2yBNg7Yi1IHIvVaqdcLz},
  abstract = {心电监测是通过计算机技术监测心电图的变化来判定用户是否有心脏疾病的一种方式。本文设计了一种基于深度学习的心电监测算法,通过卷积神经网络模型提取更加细微的特征,判定心电异常的类别。设计了一个移动远程心电监测系统,实时把用户的心电图传输到服务器端,由心电监测智能算法判定异常结果并反馈给用户,对心脏病的监测有重要的理论意义和实用价值。},
  langid = {chinese},
  keywords = {⛔ No DOI found,convolutional neural network,deep learning,ECG monitoring,mobile monitoring system,卷积神经网络,心电监测,深度学习,移动监测系统},
  file = {C\:\\Users\\ccxxxi\\Zotero\\storage\\3JFCN8TB\\汪 et al_2020_基于深度学习的移动远程心电监测系统设计与实现.pdf}
}

@article{wenRealtimeECGTelemonitoring2008,
  title = {Real-Time {{ECG}} Telemonitoring System Design with Mobile Phone Platform},
  author = {Wen, Cheng and Yeh, Ming-Feng and Chang, Kuang-Chiung and Lee, Ren-Guey},
  date = {2008-05-01},
  journaltitle = {Measurement},
  shortjournal = {Measurement},
  volume = {41},
  number = {4},
  pages = {463--470},
  issn = {0263-2241},
  doi = {10.1016/j.measurement.2006.12.006},
  url = {https://www.sciencedirect.com/science/article/pii/S0263224107000036},
  abstract = {In this paper, we propose an ECG (electrocardiogram) telemonitoring system based on a mobile phone platform. It transmits abnormal heartbeats, which are identified in the patient-worn unit (Holter), in real time by using MMS (multimedia messaging service) on GPRS (general packet radio service) and transfers all ECG data acquired and stored in the Holter by the Internet. By this way, the Holter can be used outdoors, and the communication cost can be reduced without losing important information of patients. The GPS (global positioning system) information provided by the Holter can be used to locate the patient for emergency help. To identify abnormal beats, we develop a real-time ECG classification algorithm that can be executed by the dual-core processor in the Holter. Experimental results show that the proposed system achieves an ECG classification accuracy of 98.98\%.},
  langid = {english},
  keywords = {Electrocardiogram (ECG),Multimedia messaging service (MMS),R wave detection,Real-time classification,Telemonitoring},
  file = {C\:\\Users\\ccxxxi\\Zotero\\storage\\ALH8YFAL\\Wen et al_2008_Real-time ECG telemonitoring system design with mobile phone platform.pdf}
}

@thesis{wuYidongxindianjiancexitongdeyanjiuyushixian2018,
  type = {硕士},
  title = {移动心电监测系统的研究与实现},
  author = {吴, 敏},
  date = {2018},
  institution = {{广东工业大学}},
  abstract = {近年来,慢性疾病的问题越来越严重,而慢性病发病具有突发性和随机性的特点,需要依靠长期治疗。随着智能移动设备的普及,移动医疗领域各类监测设备,成为了实体医院的辅助途径,这种方式给患者带来了极大的便利,能够解决大部分患者的需求,尤其是老年人。但这些监测设备大都是使用时间短、价格昂贵或携带不方便,导致使用范围不广。为了实现实时和携带方便的要求,需要设计一款低功耗、体积小、可穿戴的心电监测系统(electrocardiography,ECG monitoring system)。为此,本文采用了模拟和数字可编程技术,以可编程嵌入式系统控制器(Programmable System on Chip 4B...},
  langid = {chinese},
  keywords = {Bluetooth transmission,electrocardiography monitoring,PSoC 4 BLE,wearable,可穿戴,心电监测,蓝牙传输}
}

@article{zhengJiyukechuandaishebeideyidongjianhuAPP2019,
  title = {基于可穿戴设备的移动监护APP},
  author = {郑, 贤娴},
  date = {2019},
  journaltitle = {电子技术与软件工程},
  number = {23},
  pages = {34--35},
  issn = {2095-5650},
  url = {https://kns.cnki.net/kcms/detail/detail.aspx?dbname=cjfd2019&filename=dzru201923021&dbcode=cjfq},
  urldate = {2023-03-31},
  abstract = {本文探讨了将互联网技术应用于医疗领域,利用可穿戴设备对心电信号以及其他生命体征进行采集,汇聚至医院数据中心进行量化、分析、计算后反馈患者,设计一套集成心电监护、健康报告、服药提醒、饮食推荐及运动方案等功能为一体的移动监护系统,辅助临床实现对患者进行有效的疾病预防和治疗。},
  langid = {chinese},
  keywords = {⛔ No DOI found,可穿戴设备,心脑血管,移动终端}
}
